2732 4846
68 371 75 408 1

244 227 559 314 narretur
586 243 659 310 ra
688 235 998 360 suzoneuA.
1063 233 1158 334 ns
1228 228 1245 290 .’
1296 193 1299 202 ’

229 398 522 522 Percussusque',
542 425 646 522 greti
661 419 868 500 Hemrobio
885 419 1040 514 diroque
1054 417 1160 491 Phe-

732 539 824 612 reoli

273 664 413 756 Iratus,
442 674 564 764 temen
582 659 673 734 haec
690 651 854 732 carmina
869 659 1063 729 cecinerat.
1137 658 1140 672 ’
1167 663 1172 678 ’

139 767 156 874 ,’
221 781 416 856 Maeoniae
430 778 666 858 Antimachus
679 779 805 876 Lydes
821 801 1016 890 percussus
1032 793 1158 850 umore

119 975 328 994 ····“·····““·
545 965 548 972 ’
577 965 592 1002 ·'
997 981 1001 1020 i

120 1091 226 1182 ripid.
241 1089 416 1241 Hippolyt.
431 1093 590 1158 8111303.
639 1088 741 1172 Quod
762 1107 861 1173 quam
885 1088 1012 1176 optime
1031 1110 1160 1159 conr&

118 1185 198 1244 nist
216 1179 295 1242 huic
327 1198 407 1254 oco,
434 1179 745 1258 totiussententiee
764 1187 867 1258 tenor
881 1175 1047 1240 ostendit:
1073 1176 1161 1245 Per.

118 1283 234 1330 cussus
248 1274 357 1329 nutem
371 1263 429 1345 (sc.
443 1266 578 1338 umore„
600 1261 658 1348 qui
673 1259 875 1346 repetendus
894 1269 946 1322 est
962 1280 1161 1345 extpraecc-

60 1381 63 1389 =
122 1349 222 1414 denti
236 1349 350 1412 Koiaro
366 1347 423 1425 μὲν
435 1348 587 1418 Ναννοῦς.
633 1345 797 1410 Sermone
816 1345 927 1429 patrio
947 1347 1073 1430 optime
1091 1366 1161 1413 ‚ex-

121 1435 293 1522 presseris
315 1427 547 1513 serknirscht),
582 1427 657 1494 licet
677 1425 887 1492 Hermobium
905 1450 1029 1513 scmper
1048 1449 1161 1496 uorem

119 1531 154 1584 at
176 1515 365 1580 Pheraeum·
383 1515 552 1580 inimicum
575 1514 711 1591 odisset,
746 1512 833 1578 tolia
857 1514 1010 1576 cumina
1035 1509 1161 1601 (qualia

119 1600 341 1687 suppeditant
367 1603 439 1664 eius
467 1597 550 1684 elegi
576 1601 612 1661 in
638 1600 788 1662 omnium
811 1615 871 1660 ore
892 1608 974 1662 tunc
992 1602 1180 1686 temporis

120 1683 268 1768 versata)
283 1687 319 1747 in
332 1684 435 1747 lucem
443 1684 600 1768 protulit,
622 1685 695 1746 sine
709 1682 837 1746 cecinit.
879 1681 1074 1748 Hermobius
1095 1703 1161 1760 au-
1185 1732 1188 1747 .

119 1784 193 1837 tem
218 1764 439 1834 etPliereoles
464 1770 599 1850 quinam
623 1765 766 1842 fuerint,
799 1763 864 1830 alia
886 1766 1021 1850 quidem
1042 1787 1161 1832 rerunt
1241 1784 1245 1794 ⁸
1348 1749 1351 1760 ¹

119 1866 339 1922 monumenta
353 1873 420 1916 non
436 1851 573 1934 docent;
595 1851 654 1917 sed
664 1855 770 1916 totius
786 1847 852 1929 loci
865 1855 1030 1917 sententis
1042 1851 1162 1919 decla-

122 1952 177 2006 rat
192 1938 268 2004 illos
283 1936 389 2024 fuisse
402 1935 597 2002 Mimnermi
612 1934 748 2012 rivales,
775 1955 861 2020 quos
872 1933 1018 2001 infelicis
1033 1940 1162 2008 amoris

72 2054 77 2059 ·
120 2037 280 2089 auctores
297 2026 332 2087 in
349 2023 553 2124 carminibus
568 2023 806 2108 perstrinxisse
822 2022 1023 2108 toutopuuq'e
1036 2026 1163 2092 verist-

108 2105 205 2180 ·‘miie
222 2118 284 2174 est.

162 2229 247 2378 sipi,
268 2229 315 2292 ita
327 2223 495 2300 librorum
508 2221 689 2312 lectionem
703 2223 774 2292 οὐδὲ
786 2234 880 2292 recte
895 2221 1163 2322 emendaritCs-
1233 2187 1235 2200 Ι

121 2335 182 2384 sau
207 2333 303 2379 onus.
940 2345 942 2352 .
1071 2335 1072 2341 1

163 2455 226 2518 Vs,
245 2451 297 2515 40.
334 2443 437 2516 τοιάδ’
464 2445 500 2522 Ρ.
519 2445 561 2511 V.
590 2443 630 2512 L.
668 2445 790 2514 τοῖσιδ’
815 2446 853 2514 Β.
889 2445 985 2520 τὀιαν
1011 2449 1042 2522 Α
1069 2447 1161 2538 apud

119 2535 385 2612 Ruhnkenium,
404 2533 493 2599 τόιαν
506 2553 557 2619 ap.
575 2528 763 2620 Schweigh.
811 2531 912 2600 Unde
932 2534 1102 2602 lacobsius
1122 2539 1161 2600 iu

121 2624 250 2690 litteris
277 2620 318 2683 ad
345 2641 399 2684 me
419 2619 506 2684 datis
525 2618 738 2682 scribendum
760 2630 875 2684 censet
900 2618 961 2683 τοῖ’
984 2619 1163 2702 ἀνέπεμψεν

121 2707 200 2792 ἔπη,
222 2709 244 2770 1.
258 2727 286 2770 e.
301 2703 386 2768 tolio
403 2705 556 2768 curnrinn
570 2705 691 2782 emisit,
710 2701 866 2788 protulit,
887 2701 1003 2770 edidit.
1042 2697 1162 2782 Recte,
1242 2711 1246 2720 '

122 2803 286 2880 quantum
303 2808 366 2874 ego
381 2787 488 2853 video.
529 2784 630 2871 Quod
648 2785 795 2872 ligonius
810 2797 844 2850 et
858 2780 992 2852 Schwei
1010 2788 1163 2854 'hae'use⁴
1210 2807 1214 2814 “

123 2897 186 2943 rus
200 2897 244 2963 eir
257 2873 472 2960 praecedenti
487 2869 581 2962 imbrs
602 2873 642 2957 (si
656 2872 790 2955 quidem
805 2875 851 2936 ita
867 2869 978 2970 legere
993 2811 1046 2936 ias
1061 2871 1162 2959 esset)

122 2975 171 3030 et,
184 2958 321 3043 μισήσας
345 2957 498 3020 carmine
525 2957 791 3041 indignationem
810 2957 971 3020 etodium
993 2957 1162 3044 inquientia
1191 2995 1196 3012 .

122 3043 322 3132 explicanda
338 3061 409 3106 esse
426 3051 606 3130 putarunt,
634 3043 691 3104 vix
712 3037 833 3126 aliquis
852 3041 1029 3106 concedet:
1055 3045 1162 3122 immo
1264 3075 1267 3087 ·

123 3129 266 3212 scia-iim
281 3138 434 3214 spectant
446 3125 487 3188 ad
500 3129 687 3191 nniversam
703 3127 906 3190 sententiam
924 3139 958 3190 et
972 3125 1163 3210 significant

122 3226 291 3300 quotquot
303 3223 382 3275 nota
397 3209 697 3273 ercntMimnermi
709 3213 874 3290 carmina,
895 3213 931 3276 iu
947 3214 1070 3296 quibus
1080 3229 1164 3300 pas-
1227 3209 1231 3218 ’

72 3317 90 3374 ,“
122 3305 191 3366 sim
205 3298 350 3363 fortasse
364 3292 516 3362 rivalium
529 3293 644 3358 odium
659 3295 856 3381 emergebat.
901 3349 910 3380 ,

129 3511 132 3518 .
167 3427 228 3492 VS.
242 3429 294 3494 41.
318 3427 464 3509 λυσηίδος
474 3425 513 3489 Α.
526 3426 563 3490 Β.
581 3427 750 3510 χρυσηίδος
762 3427 912 3512 1).11.Ῑ..ὅ
935 3429 1163 3504 Ruhnkeniut

123 3513 321 3580 dubitanter
333 3515 512 3598 proposuit
524 3513 697 3593 Λυδηΐδος.
741 3514 785 3578 At
801 3521 933 3594 nescio,
956 3537 1081 3584 curex
1099 3539 1163 3584 or-

9 3602 15 3616 ‘
123 3600 204 3666 dine
233 3597 426 3664 secludatur
456 3593 566 3659 forma
591 3597 773 3665 Codicibus
800 3599 933 3666 tradita.
999 3599 1162 3685 Quamvis
1222 3619 1225 3625 ’

44 3747 47 3752 .
124 3683 206 3752 alibi
221 3703 289 3758 non
302 3685 491 3767 reperiatur
502 3679 612 3746 forma
625 3685 767 3766 Λυσηίς,’
788 3695 908 3770 poetae
924 3699 1035 3750 tamen
1049 3680 1161 3752 liceu-

122 3774 171 3836 tia
185 3769 247 3834 sibi
262 3768 398 3833 finxisse
414 3765 562 3850 putanda
577 3779 628 3830 est
642 3767 709 3830 tale
724 3773 992 3858 patronymicum
1006 3791 1050 3836 ex
1061 3775 1161 3836 sirni-

123 3849 270 3918 litudine
290 3872 425 3927 eorum,
454 3871 537 3934 quae
559 3853 650 3914 inter
668 3874 783 3918 omnes
804 3867 978 3932 constant,
1005 3849 1159 3942 Χρυσηίς,

123 3940 282 4024 Βρισηίς,Ι
303 3937 426 4018 Νηρηίς
447 3941 524 3998 cett:
575 3935 642 3998 lam
663 3957 742 4001 vero
763 3949 842 4002 nota
864 3950 916 4002 est
937 3941 1037 4026 τροπὴ
1060 3949 1117 4007 τοῦ
1139 3943 1162 4008 d

123 4029 174 4100 εἰς
189 4041 220 4088 o.
244 4020 311 4088 vid.
330 4019 442 4108 Etym.
466 4018 514 4084 M.
533 4023 570 4108 p.
595 4023 667 4102 438¹,
688 4025 737 4086 36.
774 4022 816 4088 cf.
838 4021 982 4114 Gregor.
1006 4025 1160 4114 Corinth.
